@article{Sagepub2016,
    author = {Mittelstadt and Allo and Taddeo and Wachter and Floridi},
    title ={The ethics of algorithms: Mapping the debate},
    journal = {Big Data \& Society},
    year = {2016},
    note ={https://journals.sagepub.com/doi/pdf/10.1177/2053951716679679},
    keywords = {book}
}

@article{goldman2006,
    author = {Eric Goldman},
    title = {Search Engine Bias and the Demise of Search Engine Utopianism},
    journal = {8 Yale J. L. \& Tech},
    year = {2006},
    volume = {8},
    pages = {188--200},
    note = {https://digitalcommons.law.scu.edu/cgi/viewcontent.cgi?article=1112\&context=facpubs},
    keywords = {book}
}

@techreport{bertelsmann2019,
    author = {Spielkamp and Alfter and Kayser-Bril and Penner}, 
    title = {Automating Society - Taking Stock of Automated Decision-Making in the EU},
    institution = {bertelsmann-stiftung}, 
    year = {2019},
    number={1},
    note={https://www.bertelsmann-stiftung.de/fileadmin/files/BSt/Publikationen/GrauePublikationen/001-148\_AW\_EU-ADMreport\_2801\_2.pdf},
    keywords = {book}
}

@online{tagesspiegel2018,
    author = {Sonja Álvarez},
    title = {Algorithmen als Freund und Helfer?},
    journal = {Tagesspiegel},
    urldate = {2018},
    url = {https://www.tagesspiegel.de/wirtschaft/kuenstliche-intelligenz-algorithmen-als-freund-und-helfer/20934196.html},
    keywords = {online}
}

@online{sueddeutsche2018,
    author = {Valentin Dornis},
    title = {Arbeit aus dem Automaten},
    journal = {Sueddeutsche},
    urldate = {2018},
    url = {https://www.sueddeutsche.de/digital/digitalisierung-arbeitslosigkeit-jobcenter-1.4178635},
    keywords = {online}
}


@online{welt2015,
    author = {welt},
    title = {Wenn Ihr Wohnort Ihre Kreditwürdigkeit bestimmt},
    journal = {Welt},
    urldate ={2015-05-20},
    url = {https://www.welt.de/wirtschaft/article141192184/Wenn-Ihr-Wohnort-Ihre-Kreditwuerdigkeit-bestimmt.html},
    keywords ={online}
}

@online{scinexx2019,
    author = {Nadja Podbregar}, 
    title = {Maschinenhirn mit Schwächen - Sind künstliche Intelligenzen wirklich unvoreingenommen und objektiv?}, 
    urldate = {2019},
    url = {https://www.scinexx.de/service/dossier\_print\_all.php?dossierID=209850},
    keywords = {online}
}

@online{scinexx2018,
    author = {scinexx},
    title = {Algorithmen auf dem Richterstuhl -  Wie gut ist Software bei der Rückfall-Prognose von Straftätern?}, 
    urldate = {2018-01-18},
    url = {https://www.scinexx.de/news/technik/algorithmen-auf-dem-richterstuhl},
    keywords = {online}
}

@online{zeit2019,
    author = {Jörg Dräger and Ralph Müller-Eiselt},
    title = {Wir Ahnungslosen}, 
    year = 2019 ,
    url = {https://www.zeit.de/2019/16/kuenstliche-intelligenz-digitalisierung-algorithmen-software},
    keywords = {online}
}
    
@online{tagesanzeiger2018,
    author = {Lucie Machac},
    title = {Googles Algorithmen sind sexistischer als die Gesellschaft}, 
    year =2018,
    url = {https://www.tagesanzeiger.ch/sonntagszeitung/standard/Googles-Algorithmen-sind-sexistischer-als-die-Gesellschaft/story/22557041},
    keywords = {online}
}

@online{wiwo2015,
    author = {Niklas Dummer},
    title = {Hochdotierte Jobs werden häufiger Männern angezeigt}, 
    year = 2015,
    url = {https://www.wiwo.de/technologie/digitale-welt/google-hochdotierte-jobs-werden-haeufiger-maennern-angezeigt/12027718.html},
    keyword = {online}
}

@online{youtube2017,
    title = {Futurism: “This 'Racist soap dispenser' at Facebook office does not work for black people"},
    year = 2017,
    url = {https://www.youtube.com/watch?v=YJjv\_OeiHmo},
    keywords = {online}
}

@online{engadget2018,
    author = {Swapna Krishna},
    title ={How fitness- and health-tracking apps failed me during my pregnancy},
    year = 2018, 
    url= {https://www.engadget.com/2018/09/07/fitness-health-tracking-pregnancy/?guccounter=1},
    keywords = {online}
}    

@online{becomingmotherblog2017,
    author = {Sharon Tjaden-Glass},
    title = {I Wore a FitBit During Pregnancy and Childbirth: Here’s What I Learned},
    year = 2017,
    url ={https://becomingmotherblog.com/2017/02/20/i-wore-a-fitbit-during-pregnancy-and-childbirth-heres-what-i-learned/},
    keywords = {online}
}    
@online{europe2019,
    author = {europa.eu},
    urldate = {2019-06-26},
    year = 2019,
    url= {https://ec.europa.eu/germany/news/20190626-ethische-leitlinien-fuer-kuenstliche-intelligenz-vorgelegt\_de},
    keywords = {online}
}
